<?xml version="1.0" encoding="UTF-8"?><collection xmlns="http://www.loc.gov/MARC21/slim"><record><leader>00391nam--2200145-i-4500</leader><controlfield tag="001">000021131</controlfield><controlfield tag="002">20161230</controlfield><controlfield tag="005">20161230201034</controlfield><controlfield tag="008">060222s1000------------r-----000-0-eng-d</controlfield><datafield ind1=" " ind2=" " tag="080"><subfield code="a">51.01(082.1):517.1</subfield></datafield><datafield ind1=" " ind2=" " tag="100"><subfield code="a">Heyting, A</subfield></datafield><datafield ind1=" " ind2=" " tag="245"><subfield code="a">Intuitionism. an introduction</subfield></datafield><datafield ind1=" " ind2=" " tag="260"><subfield code="a">Amsterdam, North-holland, 1956, Viii + 132 P</subfield></datafield><datafield ind1=" " ind2=" " tag="490"><subfield code="a">Studies In Logic And Found.Of Math</subfield></datafield><datafield ind1=" " ind2=" " tag="852"><subfield code="a">11628</subfield></datafield></record></collection>